@InCollection{sep-logic-games,
	author       =	{Hodges, Wilfrid},
	title        =	{Logic and Games},
	booktitle    =	{The Stanford Encyclopedia of Philosophy},
	editor       =	{Edward N. Zalta},
	howpublished =	{\url{http://plato.stanford.edu/archives/spr2013/entries/logic-games/}},
	url =	http://plato.stanford.edu/archives/spr2013/entries/logic-games/,
	year         =	{2013},
	edition      =	{Spring 2013},
}

@InCollection{sep-logic-dialogical,
	author       =	{Keiff, Laurent},
	title        =	{Dialogical Logic},
	booktitle    =	{The Stanford Encyclopedia of Philosophy},
	editor       =	{Edward N. Zalta},
	howpublished =	{\url{http://plato.stanford.edu/archives/sum2011/entries/logic-dialogical/}},
	year         =	{2011},
	edition      =	{Summer 2011},
}

@book{lig,
  title={Logic in games},
  author={Van Benthem, Johan},
  year={2014},
  publisher={MIT press}
}


@article{hintikka,
author = "Hintikka, Jaakko",
doi = "10.1305/ndjfl/1093883627",
fjournal = "Notre Dame Journal of Formal Logic",
journal = "Notre Dame J. Formal Logic",
month = "04",
number = "2",
pages = "219--241",
publisher = "Duke University Press",
title = "Game-theoretical semantics: insights and prospects.",
url = "http://dx.doi.org/10.1305/ndjfl/1093883627",
volume = "23",
year = "1982"
}

@book{venema,
  title={Lectures on the modal $\mu$-calculus},
  author={Venema, Yde},
year       =	{2007},
publisher = "University of Amsterdam"
}



@article{knaster,
	title = {Knasterâ€“{Tarski} theorem},
	copyright = {Creative Commons Attribution-ShareAlike License},
	url = {https://en.wikipedia.org/w/index.php?title=Knaster%E2%80%93Tarski_theorem&oldid=723193149},
	language = {en},
	urldate = {2016-06-07},
	author={Knaster--Tarski},

	journal = {Wikipedia, the free encyclopedia},
	month = jun,
	note = {Page Version ID: 723193149},
	file = {Snapshot:C\:\\Users\\oerpli\\AppData\\Roaming\\Mozilla\\Firefox\\Profiles\\kohg7t4u.default\\zotero\\storage\\KDBDNIZR\\index.html:text/html}
}