@book{lig,
  title={Logic in games},
  author={Van Benthem, Johan},
  year={2014},
  publisher={MIT press}
}


@article{hintikka,
author = "Hintikka, Jaakko",
doi = "10.1305/ndjfl/1093883627",
fjournal = "Notre Dame Journal of Formal Logic",
journal = "Notre Dame J. Formal Logic",
month = "04",
number = "2",
pages = "219--241",
publisher = "Duke University Press",
title = "Game-theoretical semantics: insights and prospects.",
url = "http://dx.doi.org/10.1305/ndjfl/1093883627",
volume = "23",
year = "1982"
}

@book{venema,
  title={Lectures on the modal $\mu$-calculus},
  author={Venema, Yde},
year       =	{2007},
publisher = "University of Amsterdam",
url = "https://staff.fnwi.uva.nl/y.venema/teaching/ml/mu/mu20121116.pdf"
}

