% !TeX root = ./Provability.tex
\bibliographystyle{unsrt}

@InCollection{sep-prove,
	author       =	{Verbrugge, Rineke (L.C.)},
	title        =	{Provability Logic},
	booktitle    =	{The Stanford Encyclopedia of Philosophy},
	url =	{http://plato.stanford.edu/entries/goedel-incompleteness/},
	year         =	{2014},
}


@book{fitting,
  title={Proof methods for modal and intuitionistic logics},
  author={Fitting, Melvin},
  volume={169},
  year={1983},
  publisher={Springer Science \& Business Media}
}
@book{boolos,
  title={The Logic of Provability},
  author={Boolos, G.},
  isbn={9780521483254},
  lccn={92043610},
  url={https://books.google.at/books?id=WekaT3OLoUcC},
  year={1995},
  publisher={Cambridge University Press}
}

@article{goedel31,
year={1931},
doi={10.1007/BF01700692},
title={{Über formal unentscheidbare Sätze der Principia Mathematica und verwandter Systeme}},
url={http://dx.doi.org/10.1007/BF01700692},
publisher={Springer-Verlag},
author={Gödel, Kurt},
language={German}
}
